@misc{comichron,
  title = {Comichron},
  howpublished = {\hyperlink{https://www.comichron.com/}{https://www.comichron.com/}}
}

@misc{boxofficemojo,
  title = {Box Office Mojo},
  howpublished = {\hyperlink{https://www.boxofficemojo.com/}{https://www.boxofficemojo.com/}}
}

@misc{crash,
    author = {Last, Jonathan V.},
    title = {The Crash of 1993},
    note = {\textit{The Washington Examiner}},
    year = {2011},
    howpublished = {\hyperlink{https://www.washingtonexaminer.com/weekly-standard/the-crash-of-1993}{https://www.washingtonexaminer.com/weekly-standard/the-crash-of-1993}}
}

@misc{mcugraphs,
    author = {Test},
    title = {MCU Graphs},
    howpublished = {https://vickyd885.github.io/mcu-graphs/site/}
}
